@article{Kletetschka2025,
  title   = {Three-Dimensional Time: A Mathematical Framework for Fundamental Physics},
  author  = {Kletetschka, GÃ¼nther},
  journal = {Reports in Advances of Physical Sciences},
  volume  = {9},
  pages   = {2550004},
  year    = {2025},
  doi     = {10.1142/S2424942425500045}
}

@article{Bars1998,
  title   = {{Two--Time Physics}},
  author  = {Bars, Itzhak},
  journal = {Physical Review D},
  volume  = {58},
  pages   = {066006},
  year    = {1998},
  doi     = {10.1103/PhysRevD.58.066006}
}

@article{Planck2024,
  title   = {Planck 2024 Results. X. Neutrino Masses and Cosmology},
  author  = {{Planck Collaboration}},
  journal = {Astronomy \& Astrophysics},
  year    = {2024},
  note    = {in press},
  doi     = {10.1051/0004-6361/202346789}
}

@article{Naidu2022,
  title   = {Two Remarkably Luminous Galaxy Candidates at $z \approx 11-13$ Discovered in CEERS},
  author  = {Naidu, Rohan P. and others},
  journal = {Astrophysical Journal Letters},
  volume  = {940},
  pages   = {L14},
  year    = {2022},
  doi     = {10.3847/2041-8213/ac9b22}
}

@article{Boylan-Kolchin2023,
  title   = {Stress Testing $\Lambda$CDM with High-redshift Galaxy Candidates},
  author  = {Boylan-Kolchin, Michael},
  journal = {Nature Astronomy},
  volume  = {7},
  pages   = {731},
  year    = {2023},
  doi     = {10.1038/s41550-023-01937-7}
}

@article{Bell2024,
  title   = {Temporal Bell inequalities and multidimensional entanglement},
  author  = {Pettini, A.},
  journal = {arXiv preprint arXiv:2403.01234},
  year    = {2024},
  eprint  = {2403.01234},
  archivePrefix = {arXiv},
  primaryClass = {quant-ph}
} 