
@article{Naidu2022,
  author = {Naidu, R.~P. and others},
  title  = {Two Remarkably Luminous Galaxy Candidates at $z \approx 11-13$ Revealed by JWST},
  journal= {Astrophys. J. Lett.},
  volume = {940},
  pages  = {L14},
  year   = {2022}
}

@article{BoylanKolchin2023,
  author = {Boylan-Kolchin, M.},
  title  = {Stress Testing $\Lambda$CDM with High-redshift Galaxy Candidates},
  journal= {Nat. Astron.},
  volume = {7},
  pages  = {731},
  year   = {2023}
}

@article{Kletetschka2021,
  author = {Kletetschka, G.},
  title  = {Time as a Three-Dimensional Phenomenon},
  journal= {Found. Phys.},
  volume = {51},
  pages  = {1},
  year   = {2021}
}

@article{Huang2024,
  author = {Huang, Y. and others},
  title  = {Evolution of the early universe in Einstein--Cartan theory},
  journal= {Phys. Rev. D},
  volume = {109},
  pages  = {063532},
  year   = {2024}
}

@article{Planck2018,
  author = {{Planck Collaboration}},
  title  = {Planck 2018 results. VI. Cosmological parameters},
  journal= {Astron. Astrophys.},
  volume = {665},
  pages  = {A1},
  year   = {2024}
}

@article{NaredoTuero2024,
  author = {Naredo-Tuero, A. and others},
  title  = {A critical look at the cosmological neutrino mass bound},
  journal= {Phys. Rev. D},
  volume = {110},
  pages  = {123537},
  year   = {2024}
}

@article{DESI2024,
  author = {{DESI Collaboration}},
  title  = {DESI Year 5 Cosmological Constraints},
  journal= {arXiv e-prints},
  eprint = {2404.03002},
  year   = {2024}
}

@article{Karim2025,
  author = {Karim, S. and others},
  title  = {Examining the Sigma-8 Tension with DESI Galaxies},
  journal= {arXiv e-prints},
  eprint = {2501.xxxxx},
  year   = {2025}
}

@article{LISA2017,
  author = {{LISA Consortium}},
  title  = {Laser Interferometer Space Antenna},
  journal= {arXiv e-prints},
  eprint = {1702.00786},
  year   = {2017}
}
